<record><leader>00000cas a2200000 a 4500</leader><controlfield tag="001">190865305</controlfield><controlfield tag="008">080117d19301931iluwn ne      0   a0eng c</controlfield><datafield ind1=" " ind2=" " tag="010"><subfield code="a">  2013271036</subfield></datafield><datafield ind1=" " ind2=" " tag="040"><subfield code="a">ICG</subfield><subfield code="b">eng</subfield><subfield code="c">ICG</subfield><subfield code="d">NVF</subfield><subfield code="d">OCLCO</subfield><subfield code="d">OCLCF</subfield><subfield code="d">OCL</subfield></datafield><datafield ind1=" " ind2=" " tag="042"><subfield code="a">pcc</subfield></datafield><datafield ind1=" " ind2=" " tag="043"><subfield code="a">n-us-il</subfield></datafield><datafield ind1=" " ind2=" " tag="092"><subfield code="a">378.773</subfield><subfield code="b">S149 Q5</subfield></datafield><datafield ind1="0" ind2=" " tag="130"><subfield code="a">Campus scout (Lisle, Ill.)</subfield></datafield><datafield ind1="1" ind2="0" tag="245"><subfield code="a">Campus scout.</subfield></datafield><datafield ind1=" " ind2=" " tag="260"><subfield code="a">Lisle, Ill. :</subfield><subfield code="b">St. Procopius College,</subfield><subfield code="c">1930-1931.</subfield></datafield><datafield ind1=" " ind2=" " tag="300"><subfield code="a">2 v. :</subfield><subfield code="b">ill. ;</subfield><subfield code="c">28 cm.</subfield></datafield><datafield ind1=" " ind2=" " tag="310"><subfield code="a">Weekly (during academic year)</subfield></datafield><datafield ind1="0" ind2=" " tag="362"><subfield code="a">Vol. 1, no. 1 (Sept. 3, 1930)-v. 2, no. 10 (Nov. 4, 1931).</subfield></datafield><datafield ind1=" " ind2=" " tag="500"><subfield code="a">Previously classified as a periodical.</subfield></datafield><datafield ind1=" " ind2=" " tag="550"><subfield code="a">Alternative student newspaper of: St. Procopius College, Lisle, Ill.</subfield></datafield><datafield ind1="2" ind2="0" tag="610"><subfield code="a">St. Procopius College (Lisle, Ill.)</subfield><subfield code="x">Students</subfield><subfield code="v">Newspapers.</subfield></datafield><datafield ind1=" " ind2="0" tag="650"><subfield code="a">Catholic universities and colleges</subfield><subfield code="z">Illinois</subfield><subfield code="z">Lisle</subfield><subfield code="v">Newspapers.</subfield></datafield><datafield ind1=" " ind2="0" tag="650"><subfield code="a">College student newspapers and periodicals</subfield><subfield code="z">Illinois</subfield><subfield code="z">Lisle.</subfield></datafield><datafield ind1=" " ind2="7" tag="655"><subfield code="a">Newspapers.</subfield><subfield code="2">fast</subfield><subfield code="0">(OCoLC)fst01423814</subfield></datafield><datafield ind1="2" ind2="7" tag="610"><subfield code="a">St. Procopius College (Lisle, Ill.)</subfield><subfield code="2">fast</subfield><subfield code="0">(OCoLC)fst00750232</subfield></datafield><datafield ind1=" " ind2="7" tag="650"><subfield code="a">Catholic universities and colleges.</subfield><subfield code="2">fast</subfield><subfield code="0">(OCoLC)fst00849270</subfield></datafield><datafield ind1=" " ind2="7" tag="650"><subfield code="a">College student newspapers and periodicals.</subfield><subfield code="2">fast</subfield><subfield code="0">(OCoLC)fst00867966</subfield></datafield><datafield ind1=" " ind2="7" tag="650"><subfield code="a">Students.</subfield><subfield code="2">fast</subfield><subfield code="0">(OCoLC)fst01136041</subfield></datafield><datafield ind1=" " ind2="7" tag="651"><subfield code="a">Illinois</subfield><subfield code="z">Lisle.</subfield><subfield code="2">fast</subfield><subfield code="0">(OCoLC)fst01217709</subfield></datafield><datafield ind1="2" ind2=" " tag="710"><subfield code="a">St. Procopius College (Lisle, Ill.).</subfield><subfield code="k">Newspapers.</subfield></datafield><datafield ind1=" " ind2=" " tag="752"><subfield code="a">United States</subfield><subfield code="b">Illinois</subfield><subfield code="c">DuPage</subfield><subfield code="d">Lisle.</subfield></datafield></record>